3317 5092
291 222 328 293 lv‘
581 242 585 261 ’
863 222 1071 290 VORBEDE.

289 420 399 470 namen
425 400 564 470 Arriae
590 394 740 469 treffliohe
764 400 892 468 Dienste
918 398 1057 490 geleistit
1080 399 1143 481 hut,
1168 396 1293 469 bellach
1317 398 1479 470 veneno
1492 400 1580 471 wardo

289 548 456 599 naramuss
482 551 551 597 maa
579 526 692 596 ireilich
719 526 802 595 seiae
820 528 935 597 Worte
960 526 1037 595 nach
1065 524 1136 596 dem
1161 528 1261 597 Maoss
1286 526 1349 596 und
1368 529 1450 599 Geist
1469 529 1580 619 jenerZ

289 655 446 726 auffassen.
1500 660 1504 664 ’

340 784 374 877 3)
404 786 441 870 O.
463 785 559 855 &tadi
575 784 654 876 noa
670 783 884 852 Historiarum
907 782 1021 873 Maqni
1043 782 1219 851 Alexandri
1240 783 1421 851 Macedonio
1441 782 1520 853 Libri
1546 785 1580 854 Oe

287 936 363 982 noue
380 914 452 982 editi
466 926 493 981 et
508 912 653 1002 recoquiti
670 933 690 979 a
707 909 922 980 Francisao
946 910 1085 978 Madia.
1111 910 1213 979 Calon.
1232 911 1359 1002 Afflipp.
1377 908 1575 981 MDLXXlli

287 1039 345 1107 Die
370 1037 505 1107 aweite
529 1035 675 1129 Ausgabe
703 1058 760 1105 von
785 1033 908 1106 Modius
933 1020 990 1103 vob
1023 1039 1112 1105 1591
1144 1034 1260 1105 leonata
1285 1036 1380 1105 leidae
1406 1038 1485 1106 nieht
1511 1037 1580 1107 beot

287 1158 422 1234 werden.
461 1164 565 1237 Ueber
580 1163 630 1232 die
646 1162 845 1244 Hbllsmittel,
863 1160 956 1231 deren
975 1161 1038 1231 sich
1055 1162 1207 1234 Medius
1223 1163 1350 1234 bedient
1367 1160 1429 1247 hat,
1446 1165 1575 1235 bemerkt

287 1291 381 1361 selbsl
405 1292 436 1361 in
462 1290 517 1361 der
533 1291 630 1361 Praei.
657 1314 694 1359 zu
719 1289 778 1359 den
795 1289 881 1359 Natis
899 1312 928 1383 p.
947 1291 987 1358 2:
1014 1291 1067 1359 etsi
1083 1315 1145 1360 non
1168 1293 1362 1383 indiliyenter
1385 1316 1453 1361 eum
1467 1294 1580 1385 scriptu

287 1421 380 1489 olim
406 1442 476 1488 oum
500 1442 598 1521 manu
621 1433 751 1488 enarato
776 1419 886 1497 radiae,
914 1441 1004 1510 quun
1030 1419 1214 1489 abbatiae
1243 1418 1440 1489 Tbosanae
1468 1421 1580 1511 aliqum

284 1551 378 1641 subse
392 1548 494 1640 liquet,
512 1546 711 1625 contuleram,
729 1559 756 1615 et
766 1558 901 1638 postea
919 1547 963 1614 ad
980 1546 1129 1616 alteras
1145 1544 1402 1627 membranas,
1420 1548 1551 1615 summi
1566 1549 1580 1614 b

285 1678 348 1745 ius
372 1676 490 1744 urbis
510 1670 576 1765 (der
601 1672 687 1743 Briel
699 1670 739 1742 ist
763 1697 800 1741 zu
817 1672 916 1743 Kbln
943 1670 1156 1764 gesahrieben)
1181 1676 1328 1765 templi,
1355 1690 1424 1742 eum
1441 1696 1580 1743 earumu

285 1803 422 1895 benefitio
447 1794 663 1871 humanissimi
688 1814 715 1868 et
738 1798 937 1869 eruditissimi
953 1799 994 1865 D.
1013 1798 1191 1866 Melebioris
1207 1801 1354 1890 Hiuarpii
1378 1798 1455 1867 mibi
1477 1802 1525 1868 bie
1540 1826 1580 1892 nu

287 1952 439 1999 maenam
455 1942 535 2007 esset,
553 1948 789 2018 compereram:
814 1940 915 1993 tanen
933 1938 959 1993 et
985 1924 1052 1992 alia
1076 1924 1201 2016 iruuper
1218 1924 1263 1993 ad
1278 1926 1358 1993 bane
1378 1948 1442 1994 run
1460 1928 1580 1996 odiume

286 2056 487 2147 eespeetanda
511 2054 588 2122 mibi
610 2074 671 2121 esse
693 2048 864 2121 statuebam
880 2088 933 2119 —-.
973 2052 1035 2121 Sed
1057 2050 1132 2119 baec
1148 2052 1313 2121 salubriter
1339 2054 1487 2123 destinata
1504 2055 1580 2123 Mau

288 2182 406 2250 bltolini
421 2180 617 2271 tempestiuae,
633 2179 855 2270 intempestiuae
866 2201 970 2270 preces
986 2179 1211 2248 disnmsnunt:
1237 2181 1348 2272 quippe
1370 2181 1428 2261 bie,
1444 2197 1479 2250 ut
1489 2184 1580 2273 prium

284 2292 412 2399 nepidtn
442 2308 560 2398 alioqui
585 2308 755 2375 remedendi
783 2306 930 2383 Ottrtium,
963 2305 1205 2397 aliquammulta
1230 2297 1264 2377 in
1295 2304 1351 2377 boa
1376 2325 1498 2379 austere
1524 2312 1580 2378 loeo

285 2459 332 2503 me
347 2449 451 2503 notata
469 2458 528 2503 esse
545 2457 585 2503 ea
601 2433 810 2503 clarissimol.
832 2434 863 2502 C.
880 2433 1069 2523 Hieronymo
1085 2435 1262 2513 Berebemio
1281 2436 1410 2516 audiuit,
1435 2438 1480 2506 ita
1500 2460 1580 2527 men

283 2564 364 2630 tinus
394 2563 520 2630 adortus
544 2575 655 2649 at,‚ut
677 2560 805 2629 missum
827 2562 978 2651 lauturus,
1004 2561 1065 2629 nisi
1090 2576 1185 2631 totum
1205 2564 1343 2633 wrtium
1368 2567 1580 2654 reaoqnasoeno

282 2690 470 2779 smdperem,
488 2712 550 2756 non
565 2689 726 2757 uideretur.
771 2686 884 2756 Omnes
899 2687 997 2777 iyitur
1013 2658 1130 2758 uicinas
1147 2690 1352 2769 bibliotberas,
1369 2691 1468 2758 siatbi
1482 2693 1580 2782 sorte«

284 2794 374 2884 etiam
391 2815 457 2883 eius
472 2816 581 2905 scripto
597 2836 695 2883 manu
712 2814 905 2905 enempbnia
921 2815 990 2882 erui
1000 2830 1132 2906 possmt,
1151 2817 1311 2907 dilianator
1327 2832 1466 2885 euenere
1483 2815 1532 2908 (3)
1550 2842 1580 2885 eo

284 2943 346 3011 Sed
359 2944 487 3033 fnestra
530 2941 630 3008 Unum
654 2943 776 3009 tandem
803 2941 1102 3032 Siaeberyensis
1123 2942 1267 3012 abbatiae
1284 2943 1365 3012 misit
1382 2945 1492 3012 adme
1512 2945 1580 3012 Can

286 3069 475 3147 lienteriae,
506 3064 714 3136 Neeulaudiae
738 3068 892 3147 mminus,
924 3086 984 3158 quo
1009 3069 1277 3138 Franciseum
1307 3071 1539 3139 Fabritium
1570 3095 1580 3137 e

280 3214 372 3263 anem
389 3217 451 3261 esse
468 3193 579 3261 aiebat.
622 3194 733 3261 Veram
750 3195 790 3262 ab
807 3195 876 3261 noe
892 3194 938 3261 uti
955 3194 1099 3263 adiutum
1115 3216 1164 3263 me
1181 3194 1280 3264 loeis
1297 3197 1456 3285 aliquot
1472 3218 1538 3265 non
1556 3222 1579 3264 n

279 3322 324 3389 ita
341 3320 592 3389 bolonienses
607 3321 856 3389 membranae
873 3316 1064 3400 ba‘nitate,
1082 3341 1181 3411 quae
1197 3335 1280 3390 tota
1298 3323 1383 3412 sere
1398 3323 1441 3416 in
1458 3324 1577 3415 antiq

282 3462 361 3516 tate
377 3461 449 3525 est,
468 3447 581 3536 lonae
597 3446 662 3514 illi
673 3445 928 3537 praestitisse
943 3470 1020 3515 non
1036 3447 1190 3517 inuitus
1205 3449 1355 3541 profiteor.
1394 3450 1467 3518 Von
1487 3447 1580 3518 besor

280 3594 331 3642 rer
346 3570 552 3663 Wiehtigkeit
576 3571 616 3640 ist
640 3569 729 3640 dahel
754 3570 823 3639 eine
848 3574 968 3663 spitsre
992 3571 1190 3667 Mittheitung
1215 3597 1273 3644 van
1291 3577 1327 3644 F.
1344 3576 1499 3647 Medius
1528 3575 1560 3642 in

280 3698 475 3793 Novantiqaio
490 3697 696 3779 Lectionibus,
711 3697 807 3791 Epist.
825 3699 907 3768 XLI.
925 3697 975 3767 bei
992 3699 1263 3793 GmtorLampad.
1282 3704 1317 3769 T.
1337 3702 1376 3782 V,
1393 3722 1422 3791 p.
1448 3702 1534 3768 109.
1559 3704 1572 3768 1

281 3831 314 3896 in
331 3824 511 3897 bibliotleenb
528 3828 640 3897 aldiis
656 3825 842 3895 emutundis
867 3827 894 3895 is
918 3850 1004 3896 meus
1020 3848 1135 3917 senna
1152 3829 1250 3894 ardor
1263 3826 1333 3916 fuit,
1359 3842 1394 3894 ut
1418 3842 1446 3894 ot
1464 3828 1580 3897 adoles

282 3956 450 4024 mnodum
466 3954 561 4022 nullis
572 3970 629 4022 aut
643 3954 799 4023 laboribus
817 3968 872 4022 ara
884 3954 1052 4045 suantibm
1062 3970 1232 4044 parcerent,
1250 3953 1336 4044 quin,
1350 3969 1505 4047 nmmum
1522 3957 1580 4024 iu,

282 4084 367 4172 oleae
382 4095 503 4150 menae
519 4080 709 4151 omnasteriia
721 4082 829 4150 baberi
840 4082 889 4148 uel
901 4082 999 4172 fondo
1013 4079 1177 4159 audisstrn,
1195 4080 1423 4171 diliaentissime
1434 4085 1505 4175 ipse
1517 4084 1580 4150 abir

283 4208 498 4300 intemiarew
513 4228 591 4275 eura
607 4209 837 4285 examinarem·
854 4223 882 4276 et
891 4207 1062 4299 proueniar
1077 4222 1174 4277 aetate
1189 4210 1290 4299 paula
1308 4226 1387 4291 anu,
1404 4210 1490 4277 nibil
1508 4248 1557 4259 —
1576 4237 1580 4254 ·

282 4337 348 4404 iore
364 4335 518 4404 industria
529 4337 773 4427 persequendum
797 4335 874 4403 mibi
898 4335 1080 4415 mutimaui,
1106 4358 1202 4427 quam
1227 4350 1262 4405 ut
1287 4360 1390 4406 eorum
1418 4337 1580 4413 locorum,

285 4482 365 4557 quoe
378 4482 427 4531 me
439 4464 568 4553 [annno
583 4484 654 4530 meo
670 4460 830 4543 detulisset,
856 4463 912 4530 boe
936 4461 970 4529 in
993 4484 1100 4553 amere
1123 4463 1282 4534 thesauros
1305 4464 1487 4533 aoidnsime
1505 4465 1580 4530 und

284 4590 502 4680 intorsionem.
546 4587 610 4659 neo
633 4589 716 4658 ausit
740 4612 814 4660 sane
838 4586 995 4680 infelioiter
1018 4602 1148 4683 utroque
1171 4606 1301 4684 aaaron
1322 4586 1397 4660 bose
1421 4590 1519 4674 milri,
1547 4610 1580 4658 ut
