3317 5092
277 253 354 303 εκιι
847 232 1056 302 VORBEDE.

283 432 343 482 τας
375 409 568 493 ἐγίνοντο,
602 407 660 492 ούχ
688 407 760 473 όσον
790 406 847 473 υύκ
873 409 1123 492 ἐμνησικάκησεν,
1151 409 1231 473 ἀλλὰ
1258 410 1309 472 καί
1333 408 1422 491 τιμάς
1448 409 1497 472 καί
1527 408 1591 493 άρχι

285 536 410 603 ἐδωιιεν.
446 535 503 605 Ein
521 533 578 603 viel
601 531 870 611 υυοεθευΙίοόυεεο,
895 531 984 601 mehr
1004 531 1046 602 im
1062 533 1163 603 notai!
1188 531 1444 624 durchgeffihrtoe
1459 530 1525 601 Bild
1538 531 1590 623 jon

283 642 472 753 εὶειςωω
491 657 576 752 μου
599 659 681 729 νυν.
702 656 854 750 ,Iosephus
874 657 1025 752 Antiquit.
1041 658 1114 729 πυ
1138 661 1192 741 ιο,
1213 662 1226 727 ι
1249 658 1291 740 υ,
1308 656 1363 728 der
1382 682 1420 727 zu
1435 656 1591 727 υυιυευ

283 785 437 878 garkeine
444 784 668 874 Vemnlnssung
681 783 774 852 hatte.
794 785 905 855 luerat
917 782 1068 855 ben'chtet
1080 783 1218 855 όειιεΙδο
1232 786 1286 863 19,
1300 786 1330 863 1,
1346 787 1398 863 15,
1407 782 1521 853 ινίοῶο
1532 782 1589 852 den

282 909 607 983 υεθείείόινεείιεόυε
616 907 848 999 (1.ουίίρυίυἰιυ
857 903 959 979 ersten
968 906 1591 999 ΜοωευῑυεοθόεεΕτιυοτόυυφόειεοίόι

280 1036 439 1127 gewiithet
457 1033 545 1116 habe,
567 1034 685 1105 welche
706 1033 802 1127 Ορίυι
823 1033 874 1105 ihr
888 1034 1016 1125 gesallen
1037 1034 1132 1115 σείου,
1148 1033 1286 1103 walchen
1303 1032 1475 1103 Schrecken
1497 1033 1538 1103 sie
1553 1056 1590 1101 τε

280 1159 391 1233 breite&
411 1159 500 1233 habe.
541 1162 633 1232 Danu
656 1159 735 1231 beist
756 1182 789 1229 ea
811 1162 867 1239 19,
888 1163 919 1241 l,
936 1162 1000 1231 202
1027 1162 1060 1226 ἐν
1080 1160 1176 1249 τούτιρ
1199 1161 1234 1224 δέ
1257 1161 1371 1247 βουλῆς
1383 1182 1416 1223 τε
1431 1160 1538 1241 γίνεται
1554 1160 1587 1222 σύ

280 1290 353 1359 οδος
372 1288 423 1353 καί
445 1288 462 1353 ό
485 1289 590 1372 δῆμος,
612 1282 690 1372 ᾗπερ
711 1288 762 1351 καὶ
784 1286 926 1351 εἰώθασιν
954 1286 1172 1371 ἐκκλησιάζειν,
1198 1285 1248 1351 ἐπὶ
1266 1291 1320 1373 τῆς
1334 1285 1448 1368 ἀγορᾶς
1467 1286 1591 1347 καταστό

284 1407 315 1469 ἐν
339 1407 460 1492 ζητήσει
479 1410 538 1471 τῶν
561 1407 704 1492 σφαγέων
725 1413 784 1476 τῶν
809 1408 832 1476 Γ
834 1409 903 1475 αἳου
929 1409 1025 1493 ἦσαν·
1055 1411 1071 1472 ό
1099 1410 1155 1493 μέν
1186 1411 1283 1495 δῆμος
1307 1412 1357 1475 καὶ
1378 1411 1456 1473 πάνυ
1480 1411 1591 1492 ἐκθύμυ

282 1532 382 1597 δοκεῖν
406 1532 441 1597 δέ
463 1533 513 1597 καὶ
534 1533 554 1617 ἡ
578 1534 684 1623 βουλή.
707 1571 748 1587 -
770 1537 821 1601 καί
842 1534 1013 1619 προύθεσαν
1037 1535 1072 1598 δέ
1086 1535 1138 1599 καὶ
1159 1534 1188 1599 οἰ
1210 1533 1315 1600 ύπατοι
1328 1535 1510 1619 διάγραμμα,
1533 1532 1589 1596 fat

281 1657 337 1741 μὲν
361 1657 539 1745 κατηγορίας
559 1658 748 1742 ποιούμενοι,
768 1660 948 1730 κελεύοντες
969 1660 1004 1723 δέ
1024 1662 1068 1744 τῷ
1083 1657 1150 1723 τότε
1172 1660 1260 1744 δήμω
1282 1660 1333 1723 καὶ
1357 1663 1419 1729 τοῖς
1440 1660 1591 1743 στρατιάιτε

281 1780 329 1845 ἐπὶ
350 1780 386 1847 τὰ
410 1781 508 1845 αὑτῶν
532 1782 661 1865 ἀπιέναι,
682 1789 725 1869 τῷ
743 1785 798 1869 μέν
822 1786 911 1869 δήμιμ
933 1785 1050 1868 πολλὴν
1074 1783 1210 1853 ἀνέσεως
1232 1783 1488 1867 ἐπαγγελλόμενοι
1509 1783 1591 1845 ἐλπιδ

279 1910 321 1991 τῷ
341 1912 541 1997 στρατιωτικῷ
557 1909 592 1973 δέ
612 1912 716 1995 τιμῶν,
743 1909 771 1972 εἰ
800 1909 833 1971 ἐν
856 1908 961 1992 κόσμῳ
990 1908 1124 1991 μείνειαν
1151 1911 1195 1993 τῷ
1215 1908 1345 1987 εἰωθότι,
1373 1910 1467 1991 μηδὲν
1497 1910 1591 1995 ύβρίζε

281 2031 468 2116 ἐξαγόμενοι.
495 2032 582 2107 δέος
602 2038 672 2119 γὰρ
694 2031 737 2118 ἦν
761 2035 808 2117 μὴ
833 2033 1144 2116 ἐξαγριωσάντων
1167 2031 1402 2099 ἀπολαύσειε
1422 2038 1487 2097 τοῦ
1509 2057 1591 2097 κακι

279 2155 442 2238 ἡπόλις,
464 2157 544 2220 καθ’
570 2157 738 2243 ἁρπαγάς
766 2157 886 2222 αὐτῶν
914 2159 975 2222 καὶ
1002 2159 1183 2245 συλήσεις
1208 2161 1280 2220 τῶν
1308 2158 1422 2243 ἱερῶν
1447 2182 1589 2241 τρεπομ

282 2303 362 2343 νων.
402 2280 518 2349 Ferner
540 2282 594 2361 19,
613 2282 647 2360 θ,
669 2284 703 2350 l:
736 2282 769 2347 ἐν
801 2285 898 2370 τούτῳ
937 2285 972 2347 δέ
1011 2282 1106 2349 όντων
1144 2287 1204 2348 τῶν
1243 2286 1435 2371 πραγμάτων,
1479 2285 1590 2368 αἰφνιδι

281 2406 444 2489 ἁρπάζεται
476 2402 628 2475 Κλαύδιος
661 2407 695 2471 ἐκ
725 2413 779 2492 τῆς
811 2409 916 2479 οἰκίας.
960 2410 988 2474 οἱ
1008 2409 1065 2493 γάρ
1095 2412 1268 2494 στρατιῶται
1300 2409 1429 2472 συνόδου
1462 2409 1590 2491 γενομέν

282 2530 381 2594 αὐτῶν
404 2530 549 2614 ἀλλήλοις
570 2533 621 2593 καί
643 2530 745 2604 αὐτοῖς
767 2535 857 2619 λόγον
886 2533 990 2604 δόντες
1016 2536 1085 2618 περὶ
1110 2538 1173 2604 τοῖς
1198 2532 1356 2619 ποιητέοις,
1386 2534 1491 2617 ἐώρων
1516 2536 1588 2616 δημ

281 2656 436 2739 κρατίαν
475 2656 658 2723 ἀδύνατόν
693 2680 731 2720 τε
768 2658 805 2722 ὃν
845 2660 1006 2744 ἐγκρατῆ
1042 2660 1210 2723 τοσῶνδε
1246 2657 1289 2722 άν
1324 2680 1412 2721 ποτε
1447 2658 1588 2740 γενέσθ

280 2782 524 2866 πραγμάτων,
548 2782 723 2868 ἐξικομένην
745 2807 778 2847 τε
801 2783 856 2849 οἰικ
879 2784 924 2847 ἐπ’
956 2784 1062 2871 ἀγαθῶ
1077 2786 1121 2870 τῷ
1146 2783 1244 2846 αἰετῶν
1272 2783 1413 2867 γενέσθαι
1438 2786 1491 2867 τἠν
1521 2785 1590 2868 άρχι

283 2905 342 2970 εἴτε
363 2928 406 2975 τις
425 2911 484 2968 τῶν
515 2907 546 2969 ἐν
577 2907 657 2992 ἀρχῇ
683 2910 868 2994 κατασχήσει
894 2911 946 2993 τὴν
974 2910 1151 2993 ἡγεμονίαν,
1181 2909 1224 2979 εἰς
1249 2909 1345 2972 πάντα
1373 2909 1506 2995 λυπηρόν
1530 2909 1590 2971 αύτΙ

282 3031 360 3094 εἰναι
382 3032 423 3116 μὴ
447 3030 482 3094 ού
505 3036 662 3118 συνεργοῖς
688 3038 740 3118 τῆς
767 3033 864 3119 ἀρχῆς
885 3037 1053 3098 καταστάσι.
1097 3037 1200 3103 καλῶς
1226 3031 1280 3096 ούν
1310 3031 1403 3118 ἔχειν,
1432 3033 1561 3119 ἀκρίτων

282 3156 377 3221 όντων
406 3160 465 3219 τῶν
494 3157 687 3241 πραγμάτων,
714 3158 852 3243 ἡγεμόνα
880 3158 1031 3242 αἱρεῖσθαι
1057 3156 1222 3235 Κλαύδιον,
1253 3159 1380 3243 πάτρωά
1411 3182 1443 3221 τε
1476 3158 1548 3222 όντα
1578 3183 1589 3221 τ

280 3282 457 3359 τεθνεῶτος,
480 3283 609 3345 καὶτῶν
634 3282 677 3351 εἰς
697 3284 750 3366 τἠν
774 3284 889 3369 βουλὴν
913 3283 1146 3367 συλλεγομένων
1174 3280 1301 3352 ούδενδς
1327 3281 1443 3353 ούτινος
1465 3285 1522 3348 οὐκ
1550 3286 1586 3353 ἀξ

281 3409 461 3490 λυγάιτερον,
489 3406 646 3490 προγόνων
674 3429 707 3470 τε
736 3407 829 3491 ἀρετῇ
856 3409 907 3473 καί
940 3412 999 3471 τῶν
1034 3408 1111 3471 κατὰ
1142 3409 1196 3492 τὴν
1223 3407 1362 3472 παιδείαν
1392 3411 1589 3493 μεμελετηκό

280 3535 331 3595 καί
363 3530 509 3597 σταθέντα
542 3530 748 3617 αύτοκράτορα
773 3534 907 3617 τιμήσειν
936 3556 968 3596 τε
995 3533 1032 3597 τά
1061 3534 1162 3597 εἰκότα
1190 3534 1241 3596 καί
1274 3533 1457 3619 ἀμείψεσθαι
1490 3537 1588 3618 δωρεο

279 3662 372 3721 ταῦτα
395 3655 587 3721 διανοοῦνταί
604 3679 637 3719 τε
659 3657 710 3722 καί
732 3655 864 3742 ἐπραξαν
888 3658 923 3721 ἐκ
944 3663 997 3722 τού
1011 3664 1206 3744 παραχρῆμα.
1236 3660 1369 3743 ἥρπαστο
1393 3659 1448 3739 μέν
1472 3659 1510 3742 δὴ
1528 3657 1588 3722 m<

281 3784 344 3851 διες
366 3781 422 3845 ύπδ
443 3786 496 3844 τοῦ
519 3786 736 3865 στρατιωτικοῦ.
779 3781 885 3851 ῠίεεεε
914 3783 1068 3876 Eoeigniss
1092 3780 1171 3851 αἰτῶ
1200 3780 1422 3850 ausffihrlicher
1449 3783 1587 3873 gfflchild

286 3908 340 3985 19,
360 3906 392 3985 3,
415 3908 444 3973 l.
463 3907 495 3972 2.
530 3907 609 3975 Dort
624 3904 717 3975 heisst
734 3929 781 3975 es:
802 3910 884 3971 τότε
907 3911 948 3974 δέ
970 3909 1100 3976 πτοίας
1122 3907 1395 3989 κατειληφυίας
1421 3908 1483 3970 τόν
1512 3910 1584 4002 όχλ

280 4033 342 4095 ιιαί
366 4035 430 4093 τού
459 4031 655 4114 βασιλείου
683 4033 822 4102 παντὸς
854 4038 1127 4119 στρατιωτικῆς
1159 4029 1297 4114 μανίας
1324 4032 1502 4096 ἀνάπλεω
1529 4058 1587 4116 γεγ

287 4159 393 4229 νότος
428 4164 479 4227 καί
499 4163 613 4234 δειλίας
633 4168 685 4231 καί
706 4168 828 4239 ἀταξίας
854 4169 979 4230 ἰδιωτῶν
1008 4166 1072 4229 οἷον
1101 4166 1310 4250 ἀπειληφότων
1339 4169 1587 4251 σωματοφυλάκυ

286 4285 424 4369 οἱπερὶ
445 4286 482 4348 τὸ
505 4290 749 4373 στρατηγικὸν
772 4292 1021 4375 καλούμενοι,
1045 4289 1134 4372 ὅπερ
1157 4290 1233 4351 ἐστί
1253 4294 1318 4374 τῆς
1340 4294 1517 4374 στρατιάς
1538 4312 1585 4352 κα

286 4408 492 4490 αριύτατον,
522 4410 553 4473 ἐν
582 4411 679 4497 βουλῇ
706 4416 774 4497 περὶ
799 4418 862 4483 τοῖς
881 4411 1037 4497 πρακτέοις
1057 4413 1144 4496 ἦσαν.
1181 4413 1285 4476 όπόσοι
1307 4414 1342 4477 δέ
1363 4416 1413 4477 καί
1433 4416 1587 4497 παρετύγχ

285 4552 349 4611 νον,
369 4533 422 4617 τὴν
445 4534 500 4617 μέν
524 4532 617 4598 Γαίου
637 4536 781 4620 τιμωρίαν
804 4537 837 4600 ἐν
861 4538 954 4622 δλίγιρ
974 4535 1126 4623 πιθόμενοι
1148 4537 1197 4600 διά
1216 4538 1249 4599 τὸ
1272 4537 1347 4600 κατὰ
1362 4537 1446 4620 δίκην
1469 4538 1554 4622 αὐτῷ
1571 4558 1586 4597 τ

283 4658 377 4742 τύχας
396 4656 562 4727 συνελθεῖν,
590 4659 665 4724 τάδε
690 4662 758 4743 περὶ
786 4661 896 4730 αύτούς
923 4660 1143 4724 ἀνεσκοποῦντο
1171 4664 1299 4745 μᾶλλον,
1325 4656 1360 4723 δν
1381 4661 1491 4744 τρόπον
1515 4663 1586 4744 wi<
