3317 5092
545 0 758 39 uenat:
805 0 961 62 quus
998 0 1069 37 ιιι
1100 0 1211 36 rex
1245 0 1554 58 nuspiam,
1603 0 1947 46 nivernens,
1984 0 2213 59 iuquit,

547 98 706 166 libus
737 96 888 164 viris
929 95 1182 184 reqem?
1281 84 1680 161 ³1ncredibile
1724 91 1892 161 dictu
1937 91 2290 186 audituque,
2338 91 2400 160 in
2446 90 2667 161 eodem
2714 90 2924 160 habitu
2961 91 3178 182 otu-potis.

546 223 608 292 in
643 245 828 315 quem
856 244 922 289 se
955 229 1401 311 composuerat,
1436 243 1628 314 quum
1655 218 2030 290 admissurus
2063 218 2286 289 milites
2310 228 2490 300 esset,
2524 217 2801 300 durasse,
2832 216 3015 286 donec
3040 241 3066 285 s
3087 227 3177 285 tuto

2265 0 2464 56 quum
2497 0 2827 44 ωκῖσδισηι,
2859 0 3087 53 (susm
3109 0 3179 33 ω·

543 420 957 480 indiqnationem
1007 421 1294 468 incurrisse
1344 422 1611 480 sensisset,
1669 420 1851 469 multis

543 494 722 537 auctor
751 488 873 549 suit,
907 500 1056 549 seque
1090 493 1137 535 et
1170 501 1324 537 arma
1359 502 1459 537 sua
1483 489 1851 549 Hephaestioni

543 555 894 611 consecrandi,
925 556 1274 618 pecuniasque
1309 557 1380 604 ad
1414 557 1850 605 cohonestandum

538 624 704 686 sunus
737 623 877 683 larye
911 623 1138 671 contulit.
1207 624 1320 672 Hoc
1345 624 1632 685 exemplum
1653 625 1853 673 imitati

542 695 664 738 sunt
697 690 848 738 ceteri
857 707 873 736 .·
909 703 1063 751 eoque
1098 704 1223 738 moa:
1252 694 1503 752 processit
1533 693 1850 740 assentatio-

539 771 669 805 num
691 758 1035 817 impudentia,
1059 764 1119 805 ut
1141 759 1250 819 reyi
1264 769 1502 807 maerore
1524 765 1573 807 et
1597 760 1849 807 desiderio

542 827 774 889 defuncti
795 826 880 872 ins
920 826 1085 873 nienti
1101 839 1414 886 persuasum
1439 829 1651 875 tandem
1671 829 1850 889 suerit,

541 894 693 942 deum
716 905 822 941 esse
899 894 1292 953 ephaestionem.
1349 894 1462 955 Quo
1484 896 1694 957 quidem
1718 901 1850 942 tem-

538 973 663 1022 pore
698 973 765 1009 ex
785 961 1056 1021 copiarum
1079 962 1295 1010 ducibus
1317 963 1617 1024 Aqathocles
1643 963 1852 1011 Samius

541 1030 613 1077 ad
646 1034 929 1076 extremum
958 1029 1177 1090 periculi
1210 1030 1368 1088 venit,
1406 1031 1545 1092 quod
1578 1031 1725 1078 illius
1761 1036 1849 1078 tu—

541 1096 740 1146 mulum
767 1098 1086 1158 praeteriens
1129 1097 1473 1146 illacrimasse
1515 1100 1662 1147 visus
1705 1103 1849 1146 esset.

542 1165 615 1213 Ac
647 1164 753 1211 nisi
787 1164 1081 1222 Perdiccas,
1123 1165 1338 1213 venanti
1371 1165 1471 1214 sibi
1503 1167 1850 1227 Hephaestio-

543 1245 660 1281 nem
693 1233 1000 1292 apparuisse
1041 1235 1337 1292 ementitus,
1375 1246 1472 1295 per
1512 1235 1632 1283 deos
1674 1247 1850 1285 omnes

542 1302 814 1361 ipsumque
847 1300 1277 1360 Hephaestionem
1310 1302 1601 1360 deierasset,
1635 1314 1703 1349 ex
1735 1303 1848 1362 ipso

543 1380 596 1415 se
629 1367 951 1429 coqnovisse,
984 1368 1308 1429 Apathoclem
1339 1382 1449 1416 non
1483 1375 1541 1417 ut
1571 1374 1850 1425 mortuum,

545 1439 596 1481 et
634 1447 800 1482 vanae
834 1435 1127 1484 divinitatis
1162 1436 1326 1483 titulis
1363 1438 1569 1498 frustra
1604 1444 1851 1485 ornatum

541 1500 750 1566 flevisse,
784 1514 961 1549 verum
996 1502 1056 1550 ob
1078 1505 1380 1552 memoriam
1399 1506 1661 1566 pristinae
1691 1505 1850 1553 soda-

545 1568 709 1616 litatis
749 1568 996 1616 lacrimas
1034 1584 1142 1618 non
1184 1574 1427 1630 tenuisse,
1481 1575 1565 1621 vir
1604 1574 1762 1634 sortis
1806 1577 1855 1620 et

546 1637 608 1683 de
658 1647 770 1696 reqe
821 1633 941 1682 bene
999 1638 1209 1686 mei-itus
1255 1642 1464 1699 pietatis
1515 1642 1572 1688 in
1624 1642 1853 1687 amicum

545 1715 727 1765 qraves
754 1714 953 1761 poenas
985 1705 1204 1752 innoxio
1237 1708 1402 1766 capite
1429 1709 1774 1767 pependisset.

616 1770 844 1818 Ceterum
865 1776 926 1818 ut
946 1771 1215 1832 paulisper
1237 1788 1271 1820 a
1294 1773 1432 1821 luctu
1455 1780 1696 1821 avocaret
1728 1775 1852 1822 ani-

546 1850 706 1894 mum,
741 1838 799 1884 in
835 1837 1169 1886 Cossaeorum
1201 1846 1397 1901 qentem
1432 1839 1602 1900 (Diod.
1633 1844 1708 1899 17,
1742 1843 1852 1890 111.

548 1902 668 1953 Art.
691 1905 738 1962 7,
768 1903 844 1968 15)
879 1907 1251 1965 expeditionem
1274 1909 1510 1968 suscepit.
1579 1911 1710 1971 qua
1735 1909 1851 1959 Me-

550 1974 669 2021 diae
701 1973 874 2021 vicina
910 1974 1114 2022 Cossaei
1146 1979 1330 2032 tenent,
1371 1989 1619 2036 asperum
1653 1983 1703 2025 et
1734 1991 1851 2025 acre

550 2054 727 2103 qenus,
763 2046 811 2088 et
837 2042 1144 2101 praedando
1176 2044 1340 2090 vitam
1375 2044 1590 2092 tolerare
1625 2047 1850 2093 solitum.

551 2107 625 2156 Ab
659 2108 741 2156 his
775 2108 1056 2156 Persarum
1085 2123 1228 2172 reqes
1259 2123 1438 2159 annuo
1461 2112 1647 2161 tributo
1669 2127 1851 2174 pacem

552 2177 798 2223 redimere
829 2183 1208 2235 consueverant,
1242 2192 1308 2226 ne
1333 2180 1391 2226 in
1415 2179 1641 2228 subiecta
1666 2183 1845 2229 decur-

550 2248 718 2290 rentes
751 2244 994 2304 infestam
1015 2245 1310 2294 latrociniis
1329 2248 1585 2309 reqionem
1603 2250 1851 2311 facerent.

551 2309 687 2358 Nam
727 2311 834 2358 vim
884 2317 1133 2361 tentantes
1185 2314 1373 2363 Persas
1421 2317 1573 2377 facile
1613 2317 1851 2377 reppule-

549 2383 688 2435 rant,
723 2380 1000 2438 asperitate
1030 2380 1258 2429 locorum
1286 2383 1502 2444 defensi,
1537 2385 1595 2430 in
1631 2397 1763 2445 quae
1795 2396 1850 2431 se

549 2444 884 2505 recipiebant,
946 2448 1181 2507 quotiens
1229 2450 1398 2498 armis
1449 2450 1847 2511 superabantur.

551 2513 715 2561 Iidem
746 2513 1044 2561 muneribus
1079 2520 1360 2577 quotannis
1389 2518 1753 2580 placabantur,
1789 2525 1847 2566 ut

549 2582 658 2641 reqi
704 2580 1008 2638 Ecbatanis,
1058 2582 1145 2631 ubi
1192 2587 1390 2633 aestiva
1439 2586 1630 2636 solebat
1680 2600 1847 2649 aqere,

551 2647 862 2708 Babylonem
910 2649 1211 2710 remiqranti
1268 2658 1413 2701 tutus
1464 2668 1559 2715 per
1615 2667 1677 2703 ea
1736 2656 1848 2703 loca

551 2717 809 2764 transitus
849 2720 991 2763 esset.
1060 2718 1172 2765 Hos
1217 2721 1377 2780 igitur
1420 2722 1717 2770 Alexander
1768 2722 1848 2770 bi-

545 2784 745 2844 partito
777 2784 983 2843 aqmine
1005 2796 1292 2845 aqqressus,
1326 2789 1469 2837 intra
1493 2791 1850 2852 quadraqinta

553 2851 664 2899 dies
691 2851 996 2911 perdomuit.
1065 2852 1200 2900 Nam
1232 2854 1297 2902 ab
1331 2857 1445 2916 ipso
1485 2870 1601 2919 reqe
1642 2863 1691 2906 et
1724 2858 1849 2906 Pto-

551 2918 755 2976 lemaeo,
789 2918 878 2979 qui
904 2923 1107 2978 partem
1141 2924 1396 2970 exercitus
1428 2925 1664 2982 ducebat,
1698 2938 1849 2986 saepe

551 2985 708 3042 caesi,
741 2991 801 3032 ut
831 2987 1059 3046 captivos
1094 3001 1218 3034 suos
1247 2992 1541 3050 reciperent,
1570 2995 1848 3053 permisere

553 3066 607 3101 se
637 3054 831 3102 victori.
900 3053 993 3101 llle
1026 3055 1231 3103 validas
1264 3056 1413 3104 urbes
1434 3062 1739 3119 opportunis
1770 3062 1848 3108 lo-

553 3122 629 3169 cis
670 3120 843 3169 extrui
884 3122 1064 3178 iussit,
1108 3136 1173 3169 ne
1214 3122 1428 3172 abducto
1469 3130 1692 3176 exercitu
1735 3128 1849 3188 sera

551 3200 676 3250 qens
714 3187 1049 3237 obedientiam
1090 3197 1314 3238 exueret.
1392 3192 1551 3242 Motis
1594 3196 1714 3244 inde
1757 3208 1850 3243 ca-

553 3258 700 3315 stris,
746 3263 804 3304 ut
834 3257 1050 3306 militem
1082 3259 1399 3317 expeditione
1439 3264 1622 3309 recenti
1652 3265 1850 3324 sessum

552 3323 784 3384 reliceret,
818 3325 948 3372 lento
972 3325 1180 3384 aomine
1200 3325 1512 3386 Babylonem
1529 3329 1846 3388 procedebat.

551 3391 764 3452 Iamque
796 3393 886 3441 vice
921 3393 1139 3453 triqinta
1174 3392 1238 3441 ab
1273 3393 1392 3441 urbe
1433 3397 1619 3444 stadiis
1653 3398 1846 3455 aberat,

550 3468 705 3517 quum
729 3458 987 3508 Nearchus
1021 3461 1262 3519 occurrit,
1297 3474 1446 3523 quem
1475 3476 1569 3524 per
1603 3477 1848 3512 oceanum

549 3528 597 3570 et
631 3525 911 3585 Euphratis
955 3529 1087 3576 ostia
1120 3527 1433 3588 Babylonem
1477 3534 1848 3591 praemiserat.-

551 3589 839 3653 orabatque,
872 3608 938 3642 ne
956 3596 1174 3656 fatalem
1197 3593 1369 3657 (Diod.
1403 3599 1478 3657 17,
1509 3598 1618 3647 112.
1653 3597 1771 3648 Art.
1801 3601 1845 3658 7,

553 3655 641 3719 lo)
685 3659 780 3706 sibi
820 3662 997 3710 urbem
1039 3664 1181 3711 vellet
1223 3664 1446 3725 inmedi.
1525 3667 1847 3727 compertum

547 3725 606 3773 id
641 3724 740 3772 sibi
773 3738 839 3773 ex
875 3729 1172 3789 Chaldaeis,
1215 3734 1304 3793 qui
1336 3734 1511 3780 multis
1545 3735 1656 3782 iam
1688 3747 1845 3794 prae-

549 3793 834 3842 dictionum
867 3798 1122 3846 eventibus
1165 3800 1300 3847 artis
1333 3813 1458 3847 suae
1491 3803 1846 3850 certitudinem

550 3860 752 3909 abunde
778 3860 1152 3921 probavissent.
1222 3867 1349 3925 Rex,
1378 3870 1528 3930 sama
1552 3882 1729 3917 eorum
1750 3870 1845 3918 ho-

550 3930 750 3977 minum
771 3932 1121 3992 constantique
1142 3937 1517 3984 asseveratione
1539 3942 1726 3996 motus,
1760 3939 1844 3985 di—

550 3998 725 4046 missis
766 3997 825 4045 in
868 3995 1042 4044 urbem
1086 4002 1369 4050 amicorum
1407 4004 1692 4066 plerisque,
1736 4005 1847 4053 alia

547 4066 637 4119 via
674 4071 882 4126 praeter
928 4063 1243 4126 Babylonem
1293 4072 1456 4130 ducit,
1507 4086 1572 4120 ac
1616 4073 1845 4121 ducentis

547 4132 670 4181 inde
693 4134 882 4182 stadiis
903 4132 1098 4181 stativa
1127 4133 1273 4182 locat.
1326 4137 1422 4186 Sed
1444 4138 1510 4187 ab
1534 4141 1845 4189 Anaxarcho

548 4200 848 4261 philosopho
882 4201 1029 4264 (lust.
1063 4200 1137 4256 12,
1169 4199 1244 4262 13)
1281 4205 1507 4265 edoctus,
1544 4209 1845 4270 contemptis

1955 421 2330 470 Chaldaeorum
2345 421 2574 477 monitis,
2593 433 2818 482 quorum
2834 418 3171 479 disciplina-is-

1949 502 2104 537 anem
2138 493 2231 537 aut
2264 501 2643 549 supervacuam
2678 486 3029 541 arbitrabatur,
3055 484 3166 532 sri-

1950 558 2129 605 intrat.
2198 556 2506 618 Leqationes
2538 553 2705 617 (lust.
2735 554 2812 614 12,
2841 553 2913 602 13.
2948 551 3047 600 Art.
3073 551 3166 608 1,ss

1950 624 2219 682 modat,
2259 622 2377 685 113)
2422 637 2478 672 eo
2522 637 2589 671 ex
2636 624 2883 671 universo
2926 622 3061 684 [ει-ιιι
3095 618 3165 667 erit

1950 692 2326 757 confluxerant.
2418 691 2616 752 Quibus
2666 704 2764 752 per
2812 690 3065 751 complures
3098 688 3166 734 dia

1950 761 2181 809 studiose
2223 759 2440 818 auditis,
2483 760 2726 820 deinceps
2765 759 2837 806 ad
2867 754 3167 818 nepam-'an

1952 829 2206 891 exequias
2260 828 2448 875 adiecit
2498 828 2761 875 animum.
2858 826 2988 887 Quae
3031 834 3166 869 sunno

1953 897 2189 944 omnium
2221 896 2393 943 studio
2427 893 2598 956 (Diod.
2630 896 2709 953 17,
2740 892 2849 952 114)
2871 895 2944 940 ita
2973 889 3165 938 odarum

1952 969 2100 1021 sunt,
2143 969 2203 1010 ut
2230 962 2423 1010 nullius
2463 963 2537 1010 ad
2571 963 2630 1011 id
2673 967 2871 1022 tempus
2899 960 3016 1020 regis
3037 957 3168 1019 [asiis

1951 1031 2313 1092 maqnitudine
2357 1036 2658 1091 sumptuum
2702 1034 3052 1091 apparatusque
3082 1022 3164 1071 cele-

1952 1098 2139 1147 britate
2178 1112 2286 1146 non
2319 1098 2551 1146 vicerint.
2625 1098 2753 1146 Post
2794 1098 2909 1145 haec
2943 1094 3087 1155 cupido
3108 1093 3163 1137 is-

1950 1167 2103 1214 cessit
2140 1168 2250 1228 reqi
2284 1179 2381 1227 per
2415 1166 2756 1226 Pallacopam
2796 1177 2982 1212 amnem
3016 1160 3119 1221 (Aa.
3136 1158 3162 1206 l.

1951 1233 2035 1296 21)
2070 1235 2144 1282 ad
2170 1233 2401 1284 Arabum
2432 1234 2661 1297 confinia
2693 1231 2985 1294 navigandi:
3009 1241 3083 1290 Μ
3104 1226 3159 1273 ἅ·

1950 1302 2109 1355 latus.
2143 1301 2261 1350 urbi
2282 1302 2582 1350 condendae
2603 1301 2874 1349 commoda
2896 1299 2997 1346 sede
3012 1301 3158 1355 πρε-ιι.

1954 1367 2269 1418 Graecorum
2309 1374 2479 1417 aetate
2519 1374 2617 1417 aut
2659 1366 2941 1417 vulneribus
2966 1361 3158 1412 incdidu
3253 1396 3255 1400 -

1952 1441 2001 1485 et
2044 1437 2091 1485 si
2133 1439 2224 1498 qui
2265 1443 2447 1499 sponte
2483 1441 2869 1493 remanserant,
2911 1432 2972 1481 ibi
3003 1431 3154 1479 colim
3251 1437 3255 1453 ³

1959 1503 2158 1566 Quibus
2206 1518 2272 1552 ea:
2315 1507 2570 1553 sententia
2617 1505 2883 1567 perfectis,
2925 1503 3017 1548 iam
3046 1499 3154 1558 [um

1949 1586 2162 1621 securus
2198 1573 2486 1621 Chaldaeos
2520 1570 2669 1633 (ΔΙ-τ.
2705 1574 2752 1630 7,
2781 1571 2861 1627 22,
2898 1567 2942 1630 1)
2970 1563 3152 1614 mim

1952 1641 2090 1702 quod
2122 1639 2442 1701 Babylonem
2473 1654 2580 1689 non
2615 1641 2882 1702 inqressus
2900 1634 3151 1685 mmm

1950 1708 2243 1765 incolumis,
2284 1722 2463 1756 verum
2495 1710 2656 1756 etiam
2696 1707 2986 1756 excessisset.
3035 1701 3149 1748 sn*

1951 1789 2072 1846 vero
2107 1777 2382 1824 revertenti
2409 1789 2504 1836 per
2531 1777 2776 1836 paludes,
2808 1787 2930 1836 quas
2957 1769 3148 1830 &pinu

1953 1845 2011 1890 in
2048 1844 2380 1904 Pallacopam
2419 1844 2616 1907 effusus
2658 1843 2828 1905 efficit,
2865 1841 3037 1903 faedu-
3059 1844 3144 1882 ⁶·-

1952 1911 2179 1960 oblatum
2213 1917 2303 1961 est.
2379 1911 2580 1972 Quippe
2624 1911 2765 1960 rami
2804 1911 2996 1968 desuper
3018 1907 3144 1977 inst*

1952 1981 2121 2027 dentes
2143 1980 2431 2028 detractum
2453 1980 2618 2039 capiti
2649 1980 2787 2040 reqio
2808 1976 3017 2025 diadema
3039 1962 3141 2045 (seui

1958 2048 2033 2104 17,
2064 2048 2175 2104 116)
2207 2048 2529 2109 proiecerunt
2550 2047 2613 2094 in
2630 2047 2833 2112 fluctus.
2872 2032 3140 2104 Quande-¹¹¹

1952 2115 2063 2161 alia
2098 2127 2253 2174 super
2286 2115 2395 2163 alia
2424 2116 2736 2176 prodiqiosa
2776 2120 2820 2161 et
2849 2109 3038 2159 minacia
3058 2112 3139 2150 Μ·

1952 2184 2228 2240 tiarentur,
2260 2184 2617 2244 procurandis
2647 2184 2719 2230 iis
2743 2192 2912 2243 praeco
2929 2173 3048 2224 :incl
3066 2170 3137 2217 l*

1951 2250 2177 2311 baroque
2231 2251 2338 2298 ritu
2398 2251 2648 2298 continua
2708 2262 2856 2297 sacra
2904 2248 3018 2308 [acta
3054 2238 3134 2285 ffl-

1952 2318 2123 2378 Neque
2144 2324 2317 2365 tamen
2333 2318 2546 2378 expiari
2563 2324 2912 2378 praeterquam
2924 2313 3134 2361 unnim!u

1947 2390 2171 2445 potuere.
2225 2386 2327 2446 Qui
2350 2399 2509 2447 quum
2526 2386 2812 2434 Nearchum
2830 2379 3130 2443 scorpion&

1951 2453 2117 2508 vivia,
2162 2454 2368 2515 iamque
2410 2453 2642 2501 cubitum
2685 2454 2847 2500 iturus
2885 2451 3008 2501 esset,
3038 2435 3131 2488 ld·

1951 2521 2220 2569 Larissaci
2254 2518 2389 2580 (Art.
2417 2522 2462 2578 7,
2486 2520 2571 2580 24,
2597 2520 2647 2569 4.
2684 2518 2828 2569 Diod.
2856 2517 2921 2574 17,
2948 2512 3031 2561 117.
3053 2503 3129 2554 Μ

1949 2586 2093 2637 Alex.
2122 2587 2202 2637 25.
2236 2588 2366 2637 lust.
2398 2588 2473 2647 12,
2503 2588 2586 2649 13)
2614 2588 2816 2637 osam:
2829 2581 3023 2656 prauus
3038 2570 3126 2624 ul

1949 2662 2009 2703 ut
2042 2657 2115 2704 ad
2156 2670 2272 2705 eum
2315 2657 2654 2705 comissatum
2695 2656 2891 2703 veniret.
2951 2646 3020 2695 U&
3042 2643 3127 2703 ΡΨ·

1949 2737 2108 2787 quam
2152 2729 2263 2773 tota
2313 2730 2455 2772 nocte
2494 2727 2839 2786 perpotasset,
2882 2716 2991 2765 male
3020 2707 3129 2759 W

1949 2793 2129 2852 coepit.
2217 2793 2583 2852 Ingravescens
2633 2791 2805 2840 deinde
2857 2782 3020 2835 morht
3045 2774 3126 2855 ,Ψ

1949 2871 2127 2907 omnes
2158 2859 2296 2907 vires
2331 2859 2476 2907 intra
2498 2866 2706 2908 sectum
2731 2858 2855 2906 diem
2884 2849 3078 2902 edom·
3095 2840 3126 2882 ί

1948 2940 2013 2973 ne
2045 2928 2185 2975 vocis
2206 2928 2412 2988 quidem
2440 2934 2673 2987 potestas
2704 2930 2837 2974 esset.
2894 2921 3046 2969 lm
3066 2920 3123 2983 *r

1949 2995 2090 3050 lites,
2141 2995 2486 3043 sollicitudine
2528 2995 2865 3054 desiderioque
2902 2988 2992 3034 σία
3020 2984 3118 3026 *fl*

1950 3076 2267 3124 quamquam
2299 3062 2671 3112 obtestantibus
2688 3059 2899 3112 ducibu-
2924 3066 2976 3100 θ’
3000 3046 3118 3096 “³³⁹¹

1951 3131 2125 3179 dinem
2159 3131 2296 3191 reqis
2330 3138 2630 3189 onerarent,
2674 3124 3001 3189 expressa-⁸¹¹,
3031 3117 3067 3159 ¹⁸
3087 3116 3117 3151 ⁸

1950 3203 2274 3257 conspectum
2306 3199 2418 3245 eius
2450 3199 2852 3246 admitterentur.

2023 3297 2098 3355 ιο,
2131 3295 2219 3355 14„
2233 3297 2280 3345 2.
2351 3302 2576 3360 lnquit.
2645 3297 2694 3347 s,
2716 3292 2883 3343 lustin.
2910 3286 2969 3344 12,
2994 3286 3032 3330 ¹0
3067 3272 3114 3319 5-

1947 3366 2124 3414 missis
2147 3365 2391 3413 militibus
2415 3368 2613 3415 amieos
2628 3363 2967 3433 circumstantes
2981 3352 3111 3412 pem*

1950 3440 2102 3491 tatur,
2129 3435 2549 3482 videanturne
2586 3433 2838 3481 similem
2869 3425 2964 3471 sib·
2991 3419 3113 3516 {¹4³2
3189 3451 3218 3490 .-

1951 3507 2010 3547 tu
2026 3502 2080 3547 ri
2104 3514 2165 3547 re
2172 3502 2332 3561 qem?
2373 3501 2416 3549 T
2414 3502 2674 3550 arentibus
2691 3497 2878 3550 cunctis,
2900 3497 2980 3538 tum
2994 3491 3067 3555 wtt-

1949 3568 2039 3617 hoc
2064 3569 2273 3625 nesciat,
2299 3570 2372 3616 ita
2410 3570 2567 3617 illud
2597 3570 2745 3618 scire
2775 3550 3109 3636 vaticinat¹l⁸⁸

1947 3649 2007 3682 sc
2040 3645 2108 3682 ac
2137 3649 2333 3696 paene
2370 3638 2569 3684 oculis
2605 3636 2796 3684 videre
2826 3629 2968 3677 dixit.
2992 3621 3109 3689 ‹1⁸9ss

1949 3709 2070 3750 tum
2118 3704 2204 3750 sit
2249 3704 2312 3751 in
2354 3703 2465 3752 hoc
2513 3702 2844 3752 certamine
2879 3684 3109 3759 sasslff'm

1945 3772 2093 3832 suasu
2109 3785 2177 3818 ra
2205 3771 2606 3827 Macedonia,-
2641 3766 2873 3833 quantis
2898 3747 3105 3807 caedat-¹,

1947 3852 2065 3900 quo
2102 3852 2325 3887 cruore
2359 3845 2604 3888 mortuo
2637 3837 2753 3887 sibi
2788 3819 3105 3896 parentat-⁷²

1946 3904 2112 3966 Vergl.
2139 3907 2183 3963 §-
2204 3905 2251 3956 5.

2017 4007 2095 4061 10.
2127 4006 2202 4065 14,
2228 4007 2276 4057 3.
2344 4013 2519 4060 mua
2540 4012 2801 4061 ulii-n-
2830 4004 2884 4047 ῦῑ·
2911 3973 3102 4093 'mulii

1948 4075 2130 4122 timum
2165 4077 2297 4124 nach
2332 4075 2395 4124 D.
2419 4076 2579 4138 Boug.
2611 4074 2736 4124 nor.
2757 4063 2878 4118 Leid.
2900 4060 3010 4108 Vm·
3028 4077 3098 4156 ἐκ,

1946 4141 2113 4191 Scbon
2161 4141 2424 4194 Snukeuh.
2469 4156 2561 4205 mg
2600 4141 2724 4192 iuud
2762 4135 2845 4185 mit
2878 4122 2999 4177 ΒΨ*
3089 4137 3098 4155 “

1944 4210 2030 4257 ειιο
2066 4213 2201 4261 ware
2223 4223 2351 4272 ganz
2386 4212 2588 4261 bannos.
2651 4207 2747 4257 ner
2773 4173 3098 4262 SM
