3317 5092
325 6 545 86 fronte,
581 15 645 73 et
677 29 714 74 a
748 16 929 96 tergo
964 5 1125 75 hosti
1160 0 1447 74 ostendit,
1524 0 1990 75 ³⁴Menedemus
2039 1 2315 99 undique
2347 3 2648 85 inclusus,
2694 25 2776 72 ne
2809 24 3086 73 numero

324 131 575 226 quidem
609 156 741 225 par,
776 130 884 200 diu
918 141 1128 201 tamen
1162 129 1411 214 resistit,
1447 130 1787 215 clamitans,
1821 131 1978 201 nihil
2011 129 2178 200 aliud
2201 153 2522 224 superesse
2547 130 2827 200 locorum
2861 129 3086 200 fraude

323 259 613 353 deceptiS,
647 282 836 354 quam
873 259 1170 328 honestae
1203 258 1419 328 mortis
1452 258 1739 328 solatium
1787 268 1867 328 ex
1901 257 2181 328 hostium
2209 257 2415 328 caede.
2490 250 2768 350 ”Ipsum
2814 280 3083 351 praeva-

321 387 455 456 lens
489 408 685 480 equus
720 383 1001 468 vehebat,
1037 408 1162 480 quo
1208 385 1449 478 saepius
1483 385 1548 454 in
1584 408 1814 456 cuneos
1846 383 2256 456 barbarorum
2290 385 2502 461 effusis
2537 383 2796 454 habenis
2830 395 3083 455 evectus

322 535 549 605 magna
566 523 773 605 strage
791 536 898 583 eos
916 512 1177 583 suderat.
1227 505 1419 584 ³⁶sed
1452 537 1649 607 quum
1674 534 1873 583 umlm
1899 535 2116 582 omnes
2141 521 2442 606 peterent,
2476 511 2686 581 multis
2719 511 3081 581 vulneribus

322 639 651 732 exsanguis
699 639 1045 734 Hypsidem
1097 639 1410 735 quendam
1461 663 1544 709 ex
1595 639 1807 710 amicis
1859 641 2142 710 hortatus
2192 648 2318 722 est,
2368 647 2441 708 ut
2492 638 2558 707 in
2609 661 2843 734 equum
2892 661 3079 708 suum

321 765 700 850 ascenderet,
735 777 799 836 et
832 790 900 836 se
935 767 1080 860 suga
1114 767 1400 860 eriperet.
1480 769 1656 837 Haec
1701 776 1991 860 agentem
2042 766 2250 836 anima
2296 765 2544 848 defecit,
2598 788 2950 861 corpusque
3001 789 3081 835 ex

319 917 481 989 equo
516 893 775 986 defluxit
808 894 873 963 in
907 904 1157 964 terram.
1209 887 1581 988 ³⁷-Hypsides
1606 905 1850 998 poterat
1873 892 2125 989 quidem
2152 894 2448 986 effugere,
2482 892 2591 963 sed
2626 893 2851 963 amisso
2873 891 3077 961 amieo

320 1021 480 1091 mori
515 1021 745 1091 statuit.
837 1024 978 1093 Una
1013 1013 1148 1091 erat
1181 1045 1350 1105 cura,
1388 1045 1467 1091 ne
1500 1022 1732 1091 inultus
1767 1020 2095 1091 occideret.
2170 1022 2389 1115 ltaque
2437 1018 2699 1090 subditis
2734 1018 3078 1090 calcaribus

318 1171 502 1243 equo,
537 1149 601 1218 in
636 1146 873 1217 medios
926 1148 1135 1217 hostes
1184 1171 1253 1217 se
1300 1148 1586 1231 immisit,
1632 1157 1699 1218 et
1739 1146 2126 1218 memorabili
2178 1146 2344 1217 edita
2388 1171 2596 1241 pugna
2643 1146 2909 1217 obrutus
2943 1147 3078 1217 telis

318 1284 430 1344 est.
506 1267 760 1358 ”Quod
803 1273 913 1344 ubi
960 1272 1168 1344 videre
1217 1275 1324 1369 qui
1372 1274 1542 1344 caedi
1594 1284 1990 1368 supererant,
2027 1273 2353 1344 *tumulum
2405 1275 2590 1367 paulo
2635 1298 2829 1368 quam
2872 1285 3075 1344 oeten

317 1399 642 1491 editiorem
686 1400 966 1494 capiunt;
997 1424 1174 1496 ‚quos
1221 1393 1609 1494 Spitamenes
1661 1401 1823 1472 same
1869 1401 1933 1470 in
1977 1399 2355 1470 deditionem
2407 1399 2776 1471 subacturus
2812 1400 3072 1471 obsedit.

314 1506 679 1598 39Cecidere
713 1550 788 1596 eo
822 1527 1056 1621 proelio
1091 1527 1371 1622 peditum
1404 1532 1464 1599 11
1498 1527 1698 1612 milia,
1745 1528 1903 1599 CCC
1937 1527 2196 1632 equites3
2271 1529 2484 1613 Quam
2517 1526 2753 1597 cladem
2786 1529 3075 1599 Alexan-

316 1652 429 1723 der
461 1653 693 1724 sollerti
728 1654 980 1725 consilio
1016 1656 1190 1739 texit,
1225 1664 1428 1726 morte
1463 1655 1822 1726 denuntiata
1857 1655 1983 1740 his,
2031 1654 2138 1751 qui
2172 1672 2265 1724 'ex
2299 1654 2532 1749 proelio
2567 1653 2982 1740 advenerant,
3025 1656 3072 1726 si

318 1790 451 1851 acta
485 1782 854 1874 vulgassent.

418 1911 717 1978 XXXIII.
784 1902 901 1954 ‘'¹¹'’
921 1903 1249 1979 ¹Ceterum
1276 1933 1471 2004 quum
1498 1910 1706 1980 animo
1732 1908 2037 2004 disparem
2065 1910 2302 1980 vultum
2328 1908 2558 2006 diutius
2583 1909 2746 2007 ferre
2771 1933 2904 1979 non
2931 1933 3072 2005 pos-

317 2045 430 2119 set,
466 2035 530 2105 in
565 2033 1036 2106 tabernaculum
1073 2061 1258 2130 super
1289 2037 1487 2131 ripam
1525 2037 1795 2108 fluminis
1830 2037 1907 2107 de
1942 2036 2238 2108 industria
2284 2038 2558 2107 locatum
2602 2037 2879 2108 secessit.
2947 2033 3072 2107 'lbi

321 2162 453 2232 sine
488 2161 732 2233 arbitris
776 2163 1019 2256 singula
1065 2165 1255 2234 animi
1308 2167 1585 2236 consulta
1631 2164 1981 2259 pensaudO,
2016 2142 2265 2234 noctem
2299 2162 2516 2257 vigiliis
2550 2163 2860 2248 extraxit,
2896 2187 3073 2259 saepe

318 2289 581 2383 pellibus
616 2289 1002 2361 tabernaculi
1038 2292 1325 2376 allevatis,
1363 2294 1432 2362 ut
1466 2292 1849 2386 conspiceret
1873 2268 2146 2362 hostium
2172 2290 2368 2384 ignes,
2406 2280 2694 2386 equibus
2722 2292 3071 2362 coniectare

316 2394 578 2510 poterat,
614 2428 843 2512 quanta
876 2418 1202 2488 hominum
1238 2419 1571 2490 multitudo
1606 2429 1785 2491 esset.
1835 2413 2128 2513 ³1amque
2162 2418 2271 2488 lux
2306 2418 2652 2513 appetebat,
2687 2442 2889 2512 quum
2925 2420 3071 2489 tho-

318 2567 526 2613 racem
560 2544 811 2614 indutus
845 2545 1121 2640 procedit
1153 2545 1233 2616 ad
1267 2546 1511 2632 militeS,
1547 2557 1683 2617 tum
1709 2547 1981 2643 primum
2007 2557 2148 2641 post
2170 2547 2389 2617 vulnus
2416 2546 2699 2641 proxime
2724 2557 3069 2641 acceptum.

316 2761 513 2810 ernde
560 2761 1066 2825 Schnelligkeit,
1112 2763 1319 2814 wobei
1365 2764 1640 2824 Eum-gie

319 2828 430 2877 des
454 2830 735 2891 Korpcrs
761 2833 887 2880 und
914 2832 1025 2881 des
1051 2832 1327 2882 Willens
1362 2833 1500 2882 sich
1531 2833 1640 2880 be-

314 2899 877 2958 *inhumatae-itas
902 2900 1639 2960 ausdieeirrigeschnel-

318 2965 572 3027 ligkeit,
617 2967 906 3034 inseram
950 2967 1046 3016 sie
1089 2968 1249 3017 chen
1286 2969 1481 3017 durch
1518 2970 1638 3017 den

316 3033 557 3084 Willen
602 3039 910 3095 angeregt
956 3036 1084 3084 und
1134 3036 1421 3087 erhaltcn
1464 3035 1638 3086 wird.

316 3099 370 3149 S.
396 3114 461 3150 zu
490 3103 537 3162 7,
565 3100 611 3162 7,
643 3101 720 3150 15.
789 3100 886 3150 Als
923 3103 1174 3152 tress'ende
1196 3104 1458 3165 Beispielo
1481 3103 1635 3165 vergi.

313 3167 426 3219 Liv.
451 3168 533 3230 33,
570 3169 653 3229 32,
683 3173 729 3217 ¹:
767 3171 1105 3220 Isthmiorum
1146 3177 1341 3221 statum
1376 3166 1640 3224 ludicrum

314 3237 525 3297 aderan-
565 3242 767 3300 semper
805 3265 873 3272 —
912 3240 1184 3302 frequens,
1228 3253 1390 3303 quum
1427 3246 1641 3301 propter

313 3306 591 3366 spectaculi
633 3307 869 3354 studium
909 3308 1132 3356 insitum
1173 3309 1334 3370 genti,
1378 3321 1479 3369 quo
1523 3321 1639 3357 cer—

315 3374 519 3421 tamina
551 3374 725 3421 omnis
758 3375 964 3437 qens-ris
998 3374 1213 3432 artium,
1248 3376 1542 3437 viriumque
1575 3388 1640 3424 ac

309 3442 739 3500 pernicitatis
793 3443 1057 3491 visuntur.
1126 3442 1313 3493 lustin.
1353 3441 1437 3502 43,
1485 3441 1536 3502 2,
1582 3442 1637 3492 8:

316 3507 514 3556 adultis
546 3510 679 3557 inter
715 3515 959 3572 pastores
996 3508 1178 3573 (Remo
1211 3516 1262 3558 et
1295 3510 1540 3573 Romulo)
1577 3511 1640 3561 do

313 3575 505 3623 virtute
539 3577 850 3638 quotidiana
872 3580 1165 3627 certamina
1200 3584 1250 3626 et
1269 3579 1405 3626 vires
1428 3584 1477 3627 et
1491 3592 1639 3642 per-

313 3644 521 3772 ξὶῧίιὲ
531 3650 651 3761 tieem
684 3659 897 3696 auxere.
952 3646 1122 3708 Vergl.
1147 3645 1281 3695 auch
1307 3645 1450 3696 Curt.
1478 3648 1525 3707 7,
1550 3646 1636 3709 41,

384 3813 430 3869 7,
454 3811 536 3871 32,
561 3811 646 3862 34.
714 3817 997 3868 mni-m
1052 3819 1180 3865 statt
1233 3815 1429 3865 restitit
1499 3813 1637 3864 nach

311 3880 459 3931 Mod.
494 3881 630 3930 Flor.
660 3881 809 3934 Leid.
846 3882 1002 3933 Voss.
1038 3885 1083 3933 1.
1108 3884 1159 3935 2.
1197 3884 1304 3933 und
1340 3882 1473 3933 auch
1498 3882 1634 3933 wohl

308 3947 473 4010 Bong.
515 3948 580 3998 Ι).
648 3949 749 4001 Mit
787 3950 977 4008 nectit,
1020 3950 1088 4000 da
1130 3952 1225 4001 das
1265 3950 1493 4001 Prasens
1538 3950 1635 4000 das

310 4015 643 4068 neharrliche
679 4017 777 4067 der
811 4013 1099 4069 Ausdauer
1137 4017 1421 4070 treffender
1464 4017 1636 4068 schil-

312 4084 442 4135 dett.

378 4187 426 4246 7,
451 4184 536 4242 32,
560 4184 644 4234 30.
826 4189 1089 4247 pumen.
1125 4185 1260 4235 Stant
1284 4186 1378 4237 des
1397 4186 1630 4237 Namens

294 4236 475 4303 haben
500 4251 652 4304 codd.
674 4186 822 4305 Mod⁷
845 4252 1010 4317 Βοῦς.
1044 4254 1110 4308 1).
1139 4254 1276 4306 Flor.
1301 4254 1447 4306 Laid.
1473 4256 1632 4309 voss.

1747 2766 1792 2815 1.
1817 2763 1894 2813 2.:
1920 2766 2241 2826 suspiciens;
2261 2762 2372 2814 Pal.
2404 2765 2448 2813 1.
2475 2762 2751 2813 verbindet
2775 2765 3071 2826 suspiciens

1740 2833 2040 2894 Hispidem.

1810 2920 2094 2978 defluxit,
2129 2915 2316 2966 h6chst
2341 2914 2760 2966 bezeichnender
2782 2911 3069 2966 Ausdruck

1742 2982 1825 3034 sur
1851 2985 1937 3035 die
1961 2984 2306 3034 mahlerische
2323 2979 2654 3045 Auffassung
2673 2983 2769 3032 der
2786 2984 3070 3033 situation.

1740 3052 1796 3103 S.
1818 3053 1926 3102 Liv.
1951 3054 1999 3113 2,
2025 3053 2109 3112 20,
2134 3051 2192 3100 3.·
2215 3066 2307 3100 nec
2331 3054 2618 3114 quidquam
2645 3054 2838 3114 equitis
2861 3054 3071 3101 euim

1741 3135 1871 3184 equo
1914 3122 2213 3179 retardato,
2255 3120 2603 3168 moribundus
2649 3120 2946 3178 Romanus,
2988 3121 3071 3168 ie-

1743 3188 1975 3238 bantibus
2009 3202 2170 3249 super
2200 3201 2390 3249 corpus
2413 3189 2598 3246 armis,
2635 3189 2709 3236 ad
2734 3194 2933 3236 terram
2970 3189 3071 3236 do—

1740 3257 1965 3319 fluxit.
2036 3255 2371 3316 Ueberhanpt
2401 3254 2474 3305 ist
2507 3255 2592 3305 die
2631 3266 2794 3316 ganze
2826 3255 3070 3305 Schilde·

1742 3337 1877 3387 rung
1900 3328 2142 3373 ausserst
2166 3323 2443 3384 gelungen.

1811 3410 1859 3467 7,
1883 3406 1968 3466 32,
1992 3406 2076 3459 37.
2146 3411 2414 3467 obrutus
2457 3410 2612 3461 tells
2650 3410 2773 3461 est·
2843 3405 2903 3457 S.
2931 3420 2998 3456 zu
3021 3406 3069 3467 8,

1746 3477 1867 3601 μζ),
1883 3541 1966 3601 32,
1990 3541 2076 3593 39.
2143 3546 2270 3596 Πίι
2309 3546 2441 3593 statt
2471 3543 2545 3592 iis
2578 3542 2711 3593 nach
2742 3542 2913 3605 Bong-
2936 3543 3069 3592 nor.

1693 3654 1700 3660 ,
1729 3594 1887 3661 reid.
1913 3612 2066 3660 voss.
2096 3612 2141 3659 1.
2166 3610 2217 3659 2.

1808 3698 2204 3748 advenerant
2246 3699 2380 3744 statt
2418 3700 2676 3744 venerant
2715 3696 2857 3746 nach
2906 3696 3065 3756 Bong.

1738 3763 1885 3813 Leid.
1912 3764 2068 3813 VoSS.
2099 3766 2143 3811 1.
2168 3763 2242 3812 2.;
2280 3763 2373 3813 der
2394 3760 2680 3814 Ausdruck
2712 3764 2952 3824 gewinnt
2974 3763 3066 3813 da-

1739 3832 1904 3881 durch
1929 3834 2170 3894 grossere
2192 3830 2606 3882 Bestimmtheit.

1810 3917 1858 3975 7,
1881 3915 1963 3975 33,
1989 3914 2040 3966 3.
2108 3919 2461 3978 appeten-t
2494 3921 2561 3966 st.
2607 3915 2911 3979 appar-nbat
2941 3915 3064 3967 uach

1740 3982 3066 4044 Mod.nong.r10r.1„eid.vossi.mosem

1739 4049 2211 4102 verschiedenhelt
2242 4052 2405 4101 findet
2436 4052 2571 4101 auch
2602 4052 2879 4113 9,1·2,25
2920 4054 3065 4103 Sutt-

1739 4119 1878 4167 Dass
1896 4119 2050 4179 jenes
2067 4119 2163 4168 der
2182 4118 2527 4168 Gewohnbeit
2543 4119 2639 4168 des
2659 4118 2716 4168 C.
2738 4120 3062 4183 entspreehe,

1739 4186 1813 4236 ist
1835 4187 2226 4247 naehgewiesen
2261 4199 2324 4236 zu
2355 4181 2781 4245 3,30,1.1)ὶο
2806 4189 2965 4252 vulg.
2995 4187 3065 4238 tst

1739 4253 1922 4307 indess
1946 4255 2092 4308 nicht
2110 4223 2439 4319 unmoglich
2462 4266 2510 4306 a.
2534 4255 2582 4316 7,
2604 4252 2696 4317 43,
2719 4255 2808 4306 22.

227 4674 3212 5092 -Ι

2737 4947 2740 4956 .
